% Encoding: utf8

@PHDTHESIS{rpappu_powf,
  author = {R. Pappu},
  title = {Physical One-Way Functions},
  school = {MIT},
  year = {2001}
}

@INPROCEEDINGS{ptuyls_pufs,
  author = {P. Tuyls},
  title = {Grey-box cryptography: Physical unclonable functions},
  booktitle = {3rd European workshop on security abd privacy in ad-hoc and sensor network},
  month = {September},
  year = {2006},
  address = {Hamburg, Germany}
}

@INPROCEEDINGS{slender_puf,
  author = {M. Majzoobi},
  title = {Slender PUF Protocol: A lightweight, robust, and secure authentication by substring matching},
  booktitle = {Security and Privacy Workshops (SPW)},
  booktitleaddon = {2012 IEEE Symposium},
  year = {2012},
  pages = {33-44}
}

@INPROCEEDINGS{pufbased_auth,
  author = {W. Che and F. Saqib and J. Plusquellic},
  title = {PUF-Based Authentication},
  booktitle = {IEEE/ACM International Conference on Computer-Aided Design},
  series = {ICCAD '15},
  year = {2015},
  location = {Austin, TX, USA},
  pages = {337--344},
  numpages = {8},
  acmid = {2840867},
  publisher = {IEEE Press}
}

@INPROCEEDINGS{rfid_puf,
  author = {S. Devadas and E. Suh and S. Paral and R. Sowell and T. Ziola and V. Khandelwal},
  title = {Design and Implementation of PUF-Based “Unclonable” RFID ICs for Anti-Counterfeiting and Security Applications},
  booktitle = {IEEE International Conference on RFID},
  year = {2008},
  location = {Las Vegas, Nevada, USA}
}


@BOOK{ivaniuk_pufs,
  author = {Иванюк А. А.},
  title = {Проектирование цифровых устройств и систем с использованием языка VHDL},
  publisher = {LAP Lambert Academic Publishing},
  pages = {248},
  year = {2014}
}

@BOOK{rmaes_pufs,
  author = {R. Maes},
  title = {Physically Unclonable Functions: Constructions, Properties and Applications},
  publisher = {Springer-Verlag Berlin Heidelberg},
  year = {2013}
}

@MISC{cryptowiki_pufs,
  title = {Физически неклонируемые функции [Электронный ресурс]},
  howpublished = {Электронные данные},
  note = {Режим доступа: http://cryptowiki.net/index.php --- Дата
  доступа: 08.03.2016},
}

@BOOK{byte_of_python,
  author = {C. Swaroop},
  title = {A Byte of Python},
  year = {2013}
}

@BOOK{dive_into_python,
  author = {M. Pilgriь},
  title = {Dive Into Python},
  year = {2004}
}

@MISC{wiki_python,
  title = {Python [Электронный ресурс]},
  howpublished = {Электронные данные},
  note = {Режим доступа: https://ru.wikipedia.org/wiki/Python --- Дата доступа: 15.03.2016},
}

@MISC{wiki_haskell,
  title = {Haskell [Электронный ресурс]},
  howpublished = {Электронные данные},
  note = {Режим доступа: https://ru.wikipedia.org/wiki/Haskell --- Дата доступа: 17.04.2016},
}

@MISC{gauss_wiki,
  title = {Нормальное распределение [Электронный ресурс]},
  howpublished = {Электронные данные},
  note = {Режим доступа: https://ru.wikipedia.org/wiki/Нормальное\_распределение --- Дата доступа: 1.05.2016},
}


@MISC{process_variation,
  title = {Process variation (semiconductor) [Электронный ресурс]},
  howpublished = {Электронные данные},
  note = {Режим доступа: https://en.wikipedia.org/wiki/Process\_variation\_(semiconductor) --- Дата доступа: 17.03.2016},
}

@BOOK{counterfeit_ics,
  author = {M. Tehranipoor, U. Guin, D. Forte},
  year = {2015},
  title = {Counterfeit Integrated Circuits- Detection and Avoidance},
  language = {english}
}

@BOOK{mcconnell_2005,
  title = {Совершенный код. Мастер"=класс / Пер. с англ.},
  publisher = {Издательско"=торговый дом <<Русская редакция>>},
  year = {2005},
  author = {С. Макконнелл},
  pages = {896},
  address = {СПб.},
  language = {russian},
  owner = {mstyura},
  timestamp = {2013.03.18}
}

@BOOK{ivchenko_vhdl,
  author = {Ивченко В.Г},
  title = {Применение языка VHDL при проектировании специализированных СБИС: Учебное пособие},
  publisher = {ТРТУ},
  year = {1999},
  pages = {80},
  address = {Таганрог}
}

@BOOK{suvorova_vhdl,
  author = {Суворова Е. А., Шейнин Ю. Е.},
  title = {Проектирование цифровых систем на VHDL},
  publisher = {БХВ-Петербург},
  year = {2003},
  pages = {576}
}

@BOOK{palicyn_2006,
  title = {Технико-экономическое обоснование дипломных проектов: Метод. пособие
  для студ. всех спец. БГУИР. В 4-х ч. Ч. 4: Проекты программного обеспечения},
  publisher = {БГУИР},
  year = {2006},
  author = {В. А. Палицын},
  pages = {76},
  address = {Минск}
}

@MISC{belcalendar_2016,
  title = {Календарь праздников на 2016 год для Беларуси [Электронный ресурс]},
  howpublished = {Электронные данные},
  note = {Режим доступа: http://calendar.by/2016/\#bkm. --- Дата доступа:
  05.03.2016}
}

@

@BOOK{haskell_good,
  title = {Изучай Haskell во имя добра!},
  publisher = {ДМК-Пресс},
  year = {2012},
  author = {Л. Миран},
  pages = {490}
}

@PHDTHESIS{rfid0_puf,
  author = {C. Wachsmann},
  school = {Technische Universit{\"a}t},
  title = {Trusted and Privacy-preserving Embedded Systems: Advances in Design, Analysis and Application of Lightweight Privacy-preserving Authentication and Physical Security Primitives},
  month = {March},
  address = {Darmstadt},
  year = {2014},
}

@PHDTHESIS{puf_cryptography,
  author = {M. Deutschmann},
  school = {Alpen-Adria-Universitat Klagenfurt},
  title = {Cryptographic Applications with Physically Unclonable Functions},
  year = {2010}
}

@ARTICLE{yarmolik_vashinko,
  author  = {Ярмолик В. Н. and Вашинко Ю.Г.},
  title   = {Физически неклонируемые функции},
  journal = {Информатика},
  year    = 2011,
  number  = 2,
  pages   = {92-103},
}

@BOOK{mitchell_ml,
  author = {T. Mitchell},
  title = {Machine Learning},
  publisher = {McGraw-Hill},
  year = 1997,
  pages = 432
}

@BOOK{manning_ir,
  title={Introduction to Information Retrieval},
  author={Manning, C. and Raghavan, P. and Sch{\"u}tze, H.},
  year={2008},
  publisher={Cambridge University Press}
}

@BOOK{dushkin_haskell,
  author = {Р. Душкин},
  title = {Справочник по языку Haskell},
  year = 2008,
  publisher = {ДМК Пресс}
}
